% This file was created with JabRef 2.7b.
% Encoding: UTF-8

@ARTICLE{MCBarb,
  author = {Gabriele Barbieri, Francois Pachet, Pierre Roy and Mirko Degli Esposito},
  title = {Markov Constraints for Generating Lyrics with Style},
  year = {2012},
  owner = {viktorbj},
  timestamp = {2014.10.20}
}

@BOOK{RussellNorvigAIBook3rd,
  title = {Artificial Intelligence - A Modern Approach},
  publisher = {Pearson Education},
  year = {2010},
  author = {Stuart J. Russell and Peter Norvig},
  number = {ISBN 978-0-13-207148-2},
  edition = {3rd},
  date-added = {2014-08-23 20:37:06 +0000},
  date-modified = {2014-08-23 20:38:47 +0000}
}

